@inproceedings{juho,
  title={Understanding in-video dropouts and interaction peaks in online lecture videos},
  author={Kim, Juho and Guo, Philip J and Seaton, Daniel T and Mitros, Piotr and Gajos, Krzysztof Z and Miller, Robert C},
  booktitle={Proceedings of the first ACM conference on Learning@at Scale conference},
  pages={31--40},
  year={2014},
  organization={ACM}
}

@inproceedings{juho2,
  title={Data-driven interaction techniques for improving navigation of educational videos},
  author={Kim, Juho and Guo, Philip J and Cai, Carrie J and Li, Shang-Wen Daniel and Gajos, Krzysztof Z and Miller, Robert C},
  booktitle={Proceedings of the 27th annual ACM symposium on User interface software and technology},
  pages={563--572},
  year={2014},
  organization={ACM}
}

@inproceedings{ashton,
  title={Engaging with massive online courses},
  author={Anderson, Ashton and Huttenlocher, Daniel and Kleinberg, Jon and Leskovec, Jure},
  booktitle={Proceedings of the 23rd international conference on World wide web},
  pages={687--698},
  year={2014},
  organization={International World Wide Web Conferences Steering Committee}
}

@misc{smoothing,
  title={Bin-summarise-smooth: a framework for visualising large data},
  author={Wickham, Hadley},
  year={2013},
  publisher={Tech. rep., had. co. nz}
}

@inproceedings{guodemographics,
  title={Demographic differences in how students navigate through MOOCs},
  author={Guo, Philip J and Reinecke, Katharina},
  booktitle={Proceedings of the first ACM conference on Learning@ scale conference},
  pages={21--30},
  year={2014},
  organization={ACM}
}

@inproceedings{guovideo,
  title={How video production affects student engagement: An empirical study of mooc videos},
  author={Guo, Philip J and Kim, Juho and Rubin, Rob},
  booktitle={Proceedings of the first ACM conference on Learning@ scale conference},
  pages={41--50},
  year={2014},
  organization={ACM}
}

@article{multimedia,
  title={The Web: interactive and multimedia education},
  author={Allen, Robert},
  journal={Computer Networks and ISDN Systems},
  volume={30},
  number={16},
  pages={1717--1727},
  year={1998},
  publisher={Elsevier}
}

@inproceedings{dropout,
  title={Turn on, tune in, drop out: Anticipating student dropouts in massive open online courses},
  author={Yang, Diyi and Sinha, Tanmay and Adamson, David and Ros{\'e}, Carolyn Penstein},
  booktitle={Proceedings of the 2013 NIPS Data-Driven Education Workshop},
  year={2013}
}

@article{embedded,
  title={Embedded formative e-assessment: who benefits, who falters},
  author={Johnson-Glenberg, Mina C},
  journal={Educational Media International},
  volume={47},
  number={2},
  pages={153--171},
  year={2010},
  publisher={Taylor \& Francis}
}